<?xml version="1.0" encoding="UTF-8"?><record xmlns="http://www.loc.gov/MARC21/slim" xmlns:cinclude="http://apache.org/cocoon/include/1.0" xmlns:zs="http://www.loc.gov/zing/srw/">
  <leader>00753cz  a2200145n  4500</leader>
  <controlfield tag="001">n 2007208578</controlfield>
  <controlfield tag="003">DLC</controlfield>
  <controlfield tag="005">20120817075841.0</controlfield>
  <controlfield tag="008">070612n| acannaabn          |a ana      </controlfield>
  <datafield tag="010" ind1=" " ind2=" ">
    <subfield code="a">n 2007208578</subfield>
  </datafield>
  <datafield tag="040" ind1=" " ind2=" ">
    <subfield code="a">DLC</subfield>
    <subfield code="b">eng</subfield>
    <subfield code="c">DLC</subfield>
    <subfield code="d">DLC</subfield>
  </datafield>
  <datafield tag="111" ind1="2" ind2=" ">
    <subfield code="a">Workshop on the International Agricultural Marketing for Cooperatives in the East, Central, and Southern Africa and the Way Forward</subfield>
    <subfield code="d">(2005 :</subfield>
    <subfield code="c">Kampala, Uganda)</subfield>
  </datafield>
  <datafield tag="411" ind1="2" ind2=" ">
    <subfield code="a">Agricultural Marketing Workshop</subfield>
  </datafield>
  <datafield tag="667" ind1=" " ind2=" ">
    <subfield code="a">THIS 1XX FIELD CANNOT BE USED UNDER RDA UNTIL THIS RECORD HAS BEEN REVIEWED AND/OR UPDATED</subfield>
  </datafield>
  <datafield tag="670" ind1=" " ind2=" ">
    <subfield code="a">Report of the Workshop on the International Agricultural Marketing for Cooperatives in the East, Central, and Southern Africa and the Way Forward, 2005:</subfield>
    <subfield code="b">p. 15 (Agricultural Marketing Workshop)</subfield>
  </datafield>
</record>